@article{buynak1992differential,
  title={Differential growth of young-of-year gizzard shad in several Kentucky reservoirs},
  author={Buynak, Gerard L and Hale, R Scott and Mitchell, Bill},
  journal={North American Journal of Fisheries Management},
  volume={12},
  number={3},
  pages={656--662},
  year={1992},
  publisher={Wiley Online Library}
}

@article{catalano2011whole,
  title={A whole-lake density reduction to assess compensatory responses of gizzard shad \emph{Dorosoma cepedianum}},
  author={Catalano, Matthew J and Allen, Micheal S},
  journal={Canadian Journal of Fisheries and Aquatic Sciences},
  volume={68},
  number={6},
  pages={955--968},
  year={2011},
  publisher={NRC Research Press}
}

@article{thorp2006riverine,
  title={The riverine ecosystem synthesis: biocomplexity in river networks across space and time},
  author={Thorp, James H and Thoms, Martin C and Delong, Michael D},
  journal={River Research and Applications},
  volume={22},
  number={2},
  pages={123--147},
  year={2006},
  publisher={Wiley Online Library}
}

@article{liao2019dynamic,
  title={A dynamic energy budget--integral projection model (DEB-IPM) to predict population-level dynamics based on individual data: a case study using the small and rapidly reproducing species \emph{Engraulis japonicus}},
  author={Liao, Baochao and Shan, Xiujuan and Zhou, Can and Han, Yanan and Chen, Yunlong and Liu, Qun},
  journal={Marine and Freshwater Research},
  volume={71},
  number={4},
  pages={461--468},
  year={2019},
  publisher={CSIRO Publishing}
}

@article{love2018does,
  title={Does aquatic invasive species removal benefit native fish? The response of gizzard shad (Dorosoma cepedianum) to commercial harvest of bighead carp (Hypophthalmichthys nobilis) and silver carp (H. molitrix)},
  author={Love, Seth A and Lederman, Nathan J and Anderson, Rebekah L and DeBoer, Jason A and Casper, Andrew F},
  journal={Hydrobiologia},
  volume={817},
  number={1},
  pages={403--412},
  year={2018},
  publisher={Springer}
}

@article{holland1986distribution,
  title={Distribution of early life history stages of fishes in selected pools of the upper Mississippi River},
  author={Holland, Leslie E},
  journal={Hydrobiologia},
  volume={136},
  number={1},
  pages={121--130},
  year={1986},
  publisher={Springer}
}

@article{aday2003direct,
  title={Direct and indirect effects of gizzard shad on bluegill growth and population size structure},
  author={Aday, D Derek and Hoxmeier, R John H and Wahl, David H},
  journal={Transactions of the American Fisheries Society},
  volume={132},
  number={1},
  pages={47--56},
  year={2003},
  publisher={Taylor \& Francis}
}

@phdthesis{bodola1955life,
  title={The life history of the gizzard shad, \emph{Dorosoma cepedianum}, in western Lake Erie},
  author={Bodola, A},
  year={1955},
  school={Doctoral dissertation. Ohio State University, Columbus}
}

@book{bolker2008ecological,
  title={Ecological models and data in R},
  author={Bolker, Benjamin M},
  year={2008},
  publisher={Princeton University Press}
}

@article{burden2005numerical,
  title={Numerical analysis 8th ed},
  author={Burden, RL and Faires, J Douglas},
  journal={Thomson Brooks/Cole},
  year={2005}
}

@article{catalano2010size,
  title={A size-and age-structured model to estimate fish recruitment, growth, mortality, and gear selectivity},
  author={Catalano, Matthew J and Allen, Micheal S},
  journal={Fisheries Research},
  volume={105},
  number={1},
  pages={38--45},
  year={2010},
  publisher={Elsevier}
}

@book{delong2005upper,
  title={Upper mississippi river basin},
  author={Delong, Michael D},
  year={2005},
  publisher={Elsevier, New York}
}

@article{dicenzo1996relations,
  title={Relations between reservoir trophic state and gizzard shad population characteristics in Alabama reservoirs},
  author={DiCenzo, Victor J and Maceina, Michael J and Stimpert, Marc R},
  journal={North American Journal of Fisheries Management},
  volume={16},
  number={4},
  pages={888--895},
  year={1996},
  publisher={Taylor \& Francis}
}

@article{easterling2000size,
  title={Size-specific sensitivity: applying a new structured population model},
  author={Easterling, Michael R and Ellner, Stephen P and Dixon, Philip M},
  journal={Ecology},
  volume={81},
  number={3},
  pages={694--708},
  year={2000},
  publisher={Wiley Online Library}
}

@book{ellner2016data,
  title={Data-driven modelling of structured populations: A practical guide to the Integral Projection Model.},
  author={Ellner, Stephen P and Childs, Dylan Z and Rees, Mark and others},
  year={2016},
  publisher={ Springer International Publishing, Switzerland}
}

@article{ellner2006integral,
  title={Integral projection models for species with complex demography},
  author={Ellner, Stephen P and Rees, Mark},
  journal={The American Naturalist},
  volume={167},
  number={3},
  pages={410--428},
  year={2006},
  publisher={The University of Chicago Press}
}

@article{erickson2017integral,
  title={An integral projection model with YY-males and application to evaluating grass carp control},
  author={Erickson, Richard A and Eager, Eric A and Brey, Marybeth K and Hansen, Michael J and Kocovsky, Patrick M},
  journal={Ecological Modelling},
  volume={361},
  pages={14--25},
  year={2017},
  publisher={Elsevier}
}

@article{gutreuter1995long,
  title={Long Term Resource Monitoring Program procedures [microform]},
  author={Gutreuter, Steve and Burkhardt, Randy and Lubinski, Kenneth S},
  year={1995},
  publisher={National Biological Survey, Environmental Management Technical Center (575~?}
}

@techreport{ickes2002evaluation,
  title={Evaluation and proposed refinement of the sampling design for the Long Term Resource Monitoring Program's fish component},
  author={Ickes, Brian S and Burkhardt, Randy W},
  year={2002},
  institution={Geological Survey La Crosse WI Upper Midwest Environmental Sciences Center}
}

@article{irons2007reduced,
  title={Reduced condition factor of two native fish species coincident with invasion of non-native Asian carps in the Illinois River, USA Is this evidence for competition and reduced fitness?},
  author={Irons, Kevin S and Sass, GG and McClelland, MA and Stafford, JD},
  journal={Journal of Fish Biology},
  volume={71},
  pages={258--273},
  year={2007},
  publisher={Wiley Online Library}
}

@article{jester1972life,
  title={Life history and ecology of the gizzard shad, \emph{Dorosoma cepedianum} (Le Sueur) with reference to {E}lephant {B}utte {L}ake},
  author={Jester, Douglas B and Jensen, Buddy Lee and others},
  year={1972},
  publisher={New Mexico State University, Agricultural Experiment Station}
}

@article{jons1997ovarian,
  title={Ovarian weight as an index of fecundity, maturity, and spawning periodicity},
  author={Jons, GD and Miranda, LE},
  journal={Journal of Fish Biology},
  volume={50},
  number={1},
  pages={150--156},
  year={1997},
  publisher={Wiley Online Library}
}

@article{kirk2003longevity,
  title={Longevity and persistence of triploid grass carp stocked into the Santee Cooper reservoirs of South Carolina},
  author={Kirk, James P and Socha, Robin C},
  journal={Journal of Aquatic Plant Management},
  volume={41},
  pages={90--92},
  year={2003}
}

@article{love2018does,
  title={Does aquatic invasive species removal benefit native fish? The response of gizzard shad (\emph{Dorosoma cepedianum}) to commercial harvest of bighead carp (\emph{Hypophthalmichthys nobilis}) and silver carp (H. molitrix)},
  author={Love, Seth A and Lederman, Nathan J and Anderson, Rebekah L and DeBoer, Jason A and Casper, Andrew F},
  journal={Hydrobiologia},
  volume={817},
  number={1},
  pages={403--412},
  year={2018},
  publisher={Springer}
}

@article{LTRMwater,
  title={Long Term Resource Monitoring Program Procedures: Water Quality Monitoring},
  author={Soballe, D. M. and Burkhardt, R. and Lubinski, K. and Burdis, R. and Clemment, T. and Fischer, J. and Hodge-Richardson, L. and Conaway, L.  and Frazier, J. and Gould, D. and Steuck, M. and Ratcliff, E. and Sitzes, M. and Stenzel, S. and Wright, R.},
  year={1995},
  journal={U.S. Geological Survey, Biological Resources Division, Upper Midwest Environmental Sciences Center, La Crosse, Wisconsin}
} 

@article{mather1995regeneration,
  title={Regeneration of nitrogen and phosphorus by bluegill and gizzard shad: effect of feeding history},
  author={Mather, Martha E and Vanni, Michael J and Wissing, Thomas E and Davis, Scott A and Schaus, Maynard H},
  journal={Canadian Journal of Fisheries and Aquatic Sciences},
  volume={52},
  number={11},
  pages={2327--2338},
  year={1995},
  publisher={NRC Research Press}
}

@article{mcclelland2012long,
  title={The long-term Illinois River fish population monitoring program},
  author={McClelland, Michael A and Sass, Greg G and Cook, Thad R and Irons, Kevin S and Michaels, Nerissa N and O'Hara, T Matthew and Smith, Cammy S},
  journal={Fisheries},
  volume={37},
  number={8},
  pages={340--350},
  year={2012},
  publisher={Taylor \& Francis}
}

@article{merow2014advancing,
  title={Advancing population ecology with integral projection models: a practical guide},
  author={Merow, Cory and Dahlgren, Johan P and Metcalf, C Jessica E and Childs, Dylan Z and Evans, Margaret EK and Jongejans, Eelke and Record, Sydne and Rees, Mark and Salguero-G{\'o}mez, Roberto and McMahon, Sean M},
  journal={Methods in Ecology and Evolution},
  volume={5},
  number={2},
  pages={99--110},
  year={2014},
  publisher={Wiley Online Library}
}

@article{michaletz2010overwinter,
  title={Overwinter survival of age-0 gizzard shad in Missouri reservoirs spanning a productivity gradient: roles of body size and winter severity},
  author={Michaletz, Paul H},
  journal={Transactions of the American Fisheries Society},
  volume={139},
  number={1},
  pages={241--256},
  year={2010},
  publisher={Taylor \& Francis}
}

@article{michaletz2017variation,
  title={Variation in characteristics among gizzard shad populations: The role of impoundment size and productivity},
  author={Michaletz, PH},
  journal={Fisheries Management and Ecology},
  volume={24},
  number={5},
  pages={361--371},
  year={2017},
  publisher={Wiley Online Library}
}

@article{okamoto2016stochastic,
  title={Stochastic density effects on adult fish survival and implications for population fluctuations},
  author={Okamoto, Daniel K and Schmitt, Russell J and Holbrook, Sally J},
  journal={Ecology letters},
  volume={19},
  number={2},
  pages={153--162},
  year={2016},
  publisher={Wiley Online Library}
}

@article{pollesch2022developing,
  title={Developing integral projection models for ecotoxicology},
  author={Pollesch, NL and Flynn, KM and Kadlec, SM and Swintek, JA and Raimondo, S and Etterson, MA},
  journal={Ecological Modelling},
  volume={464},
  pages={109813},
  year={2022},
  publisher={Elsevier}
}

@article{pierce1981aspects,
  title={Aspects of the feeding ecology of gizzard shad in Acton Lake, Ohio},
  author={Pierce, Robert J and Wissing, Thomas E and Megrey, Bernard A},
  journal={Transactions of the American Fisheries Society},
  volume={110},
  number={3},
  pages={391--395},
  year={1981},
  publisher={Wiley Online Library}
}

@Manual{R,
    title = {R: A Language and Environment for Statistical Computing},
    author = {{R Core Team}},
    organization = {R Foundation for Statistical Computing},
    address = {Vienna, Austria},
    year = {2017},
    url = {https://www.R-project.org/},
 }

@article{ramula2009integral,
  title={Integral projection models perform better for small demographic data sets than matrix population models: a case study of two perennial herbs},
  author={Ramula, Satu and Rees, Mark and Buckley, Yvonne M},
  journal={Journal of Applied Ecology},
  volume={46},
  number={5},
  pages={1048--1053},
  year={2009},
  publisher={Wiley Online Library}
}

@article{rees2014building,
  title={Building integral projection models: a user's guide},
  author={Rees, Mark and Childs, Dylan Z and Ellner, Stephen P},
  journal={Journal of Animal Ecology},
  volume={83},
  number={3},
  pages={528--545},
  year={2014},
  publisher={Wiley Online Library}
}

@article{rose2000quantitative,
  title={Why are quantitative relationships between environmental quality and fish populations so elusive?},
  author={Rose, Kenneth A},
  journal={Ecological Applications},
  volume={10},
  number={2},
  pages={367--385},
  year={2000},
  publisher={Wiley Online Library}
}

@article{schaus2000effects,
  title={Effects of gizzard shad on phytoplankton and nutrient dynamics: role of sediment feeding and fish size},
  author={Schaus, Maynard H and Vanni, Michael J},
  journal={Ecology},
  volume={81},
  number={6},
  pages={1701--1719},
  year={2000},
  publisher={Wiley Online Library}
}

@article{shireman1978size,
  title={Size limits to predation on grass carp by largemouth bass},
  author={Shireman, Jerome V and Colle, Douglas E and Rottmann, Roger W},
  journal={Transactions of the American Fisheries Society},
  volume={107},
  number={1},
  pages={213--215},
  year={1978},
  publisher={Taylor \& Francis}
}

@article{welker1994growth,
  title={Growth and survival of larval fishes: roles of competition and zooplankton abundance},
  author={Welker, Michael T and Pierce, Clay  L and Wahl, David H},
  journal={Transactions of the American Fisheries Society},
  volume={123},
  number={5},
  pages={703--717},
  year={1994},
  publisher={Taylor \& Francis}
}

@article{white2016fitting,
  title={Fitting state-space integral projection models to size-structured time series data to estimate unknown parameters},
  author={White, J Wilson and Nickols, Kerry J and Malone, Daniel and Carr, Mark H and Starr, Richard M and Cordoleani, Flora and Baskett, Marissa L and Hastings, Alan and Botsford, Louis W},
  journal={Ecological Applications},
  volume={26},
  number={8},
  pages={2677--2694},
  year={2016},
  publisher={Wiley Online Library}
}

@article{williams2012avoiding,
  title={Avoiding unintentional eviction from integral projection models},
  author={Williams, Jennifer L and Miller, Tom EX and Ellner, Stephen P},
  journal={Ecology},
  volume={93},
  number={9},
  pages={2008--2014},
  year={2012},
  publisher={Wiley Online Library}
}

@article{vanni2005linking,
  title={Linking landscapes and food webs: effects of omnivorous fish and watersheds on reservoir ecosystems},
  author={Vanni, Michael J and Arend, Kristin K and Bremigan, Mary T and Bunnell, David B and Garvey, James E and Gonzalez, Maria J and Renwick, William H and Soranno, Patricia A and Stein, Roy A},
  journal={BioScience},
  volume={55},
  number={2},
  pages={155--167},
  year={2005},
  publisher={American Institute of Biological Sciences}
}